@inproceedings{Nyberg:1991:PNS:1754868.1754910,
 author = {Nyberg, Kaisa},
 title = {Perfect nonlinear S-boxes},
 booktitle = {Proceedings of the 10th annual international conference on Theory and application of cryptographic techniques},
 series = {EUROCRYPT'91},
 year = {1991},
 isbn = {3-540-54620-0},
 location = {Brighton, UK},
 pages = {378--386},
 numpages = {9},
 url = {http://dl.acm.org/citation.cfm?id=1754868.1754910},
 acmid = {1754910},
 publisher = {Springer-Verlag},
 address = {Berlin, Heidelberg},
} 

@Book{henriquez2006cryptographic,
 author = {Henriquez, Francisco},
 title = {Cryptographic algorithms on reconfigurable hardware},
 publisher = {Springer},
 year = {2006},
 address = {New York},
 isbn = {9780387338835}
 }
 
 @Book{CryptoEngineering,
 author = {},
 title = {Cryptographic engineering},
 publisher = {Springer},
 year = {2009},
 address = {New York},
 isbn = {9780387718163}
 }

@misc{cryptoeprint:2010:579,
    author = {WeiGuo Zhang and GuoZhen Xiao},
    title = {Construction of Highly Nonlinear Resilient Boolean Functions Satisfying Strict Avalanche Criterion},
    howpublished = {Cryptology ePrint Archive, Report 2010/579},
    year = {2010},
    note = {\url{http://eprint.iacr.org/}},
}

@misc{cryptoeprint:2010:362,
    author = {Deng Tang and Weiguo Zhang and Xiaohu Tang},
    title = {Construction of Balanced Boolean Functions with High Nonlinearity and Good Autocorrelation Properties},
    howpublished = {Cryptology ePrint Archive, Report 2010/362},
    year = {2010},
    note = {\url{http://eprint.iacr.org/}},
}

@Book{ChaosCrypto,
 author = {},
 title = {Chaos-based cryptography theory, algorithms and applications},
 publisher = {Springer},
 year = {2011},
 address = {Berlin},
 isbn = {9783642205415}
 }