@article{mui2007practical,
  title={{Practical Implementation of Rijndael S-Box using Combinational Logic}},
  author={Mui, Edwin NC},
  journal={Texco Enterprise Ptd. Ltd,[Online]. Available: http://www. xess. com/projects/Rijndael\_SBox. pdf},
  year={2007}
}