@MISC{Skein,
    author = {Niels Ferguson and Stefan Lucks and Bruce Schneier and Doug Whiting and Mihir Bellare and Tadayoshi Kohno and Jon Callas and Jesse Walker},
    title = {The Skein Hask Function Family},
    year = {2009}
}

@misc{Sbox4x4,
    author = {Markku-Juhani O. Saarinen},
    title = {Cryptographic Analysis of All 4 x 4 - Bit S-Boxes },
    howpublished = {Cryptology ePrint Archive, Report 2011/218},
    year = {2011},
    note = {\url{http://eprint.iacr.org/}},
}

@inproceedings{ProvableSecurity,
	title={{"Provable"} security against differential and linear cryptanalysis},
	booktitle={Fast Software Encryption, 19th International Workshop, FSE 2012},
	authors={Kaisa Nydberg},
	year=2012
}

@inproceedings{MaxBN,
  title={On Feistel Structures Using a Diffusion Switching Mechanism.},
  booktitle={Fast Software Encryption, 13th International Workshop, FSE 2006},
  pages={41-56},
  url={http://www.iacr.org/cryptodb/archive/2006/FSE/3254/3254.pdf},
  doi={10.1007/11799313_4},
  authors={Taizo Shirai and Kyoji Shibutani},
  year=2006
}

@Book{Daemen:2002:DRA, 
  author =       "Joan Daemen and Vincent Rijmen", 
  title =        "The design of {Rijndael}: {AES} --- the {Advanced 
                 Encryption Standard}", 
  publisher =    "Spring{\-}er-Ver{\-}lag", 
  pages =        "238", 
  year =         "2002", 
  ISBN =         "3-540-42580-2" 
}

@TECHREPORT{Heys01atutorial,
    author = {Howard M. Heys},
    title = {A Tutorial on Linear and Differential Cryptanalysis},
    institution = {},
    year = {2001}
}

@inproceedings{Khovratovich:2010:RCA:1876089.1876116,
 author = {Khovratovich, Dmitry and Nikoli\'{c}, Ivica},
 title = {Rotational cryptanalysis of ARX},
 booktitle = {Proceedings of the 17th international conference on Fast software encryption},
 series = {FSE'10},
 year = {2010},
 isbn = {3-642-13857-8, 978-3-642-13857-7},
 location = {Seoul, Korea},
 pages = {333--346},
 numpages = {14},
 url = {http://dl.acm.org/citation.cfm?id=1876089.1876116},
 acmid = {1876116},
 publisher = {Springer-Verlag},
 address = {Berlin, Heidelberg},
 keywords = {ARX, cryptanalysis, rotational cryptanalysis},
} 


@MISC{Ferguson09theskein,
    author = {Niels Ferguson and Stefan Lucks and Bruce Schneier and Doug Whiting and Mihir Bellare and Tadayoshi Kohno and Jon Callas and Jesse Walker},
    title = {The Skein Hash Function Family},
    year = {2009}
}

@MISC{Mar_newanalysis,
    author = {Phyu Phyu Mar and Khin Maung Latt},
    title = {New Analysis Methods on Strict Avalanche Criterion of S- Boxes},
    year = {}
}

@MISC{Kim90astudy,
    author = {Kwangjo Kim},
    title = {A Study on the Construction and Analysis of Substitution Boxes for Symmetric Cryptosystems},
    year = {1990}
}
